@article{green2005implementing,
  title={Implementing improved perlin noise},
  author={Green, Simon},
  journal={GPU Gems},
  volume={2},
  number={409-416},
  pages={5},
  year={2005}
}
