@article{sakata1990extension,
  title={Extension of the Berlekamp-Massey algorithm to N dimensions},
  author={Sakata, Shojiro},
  journal={Information and Computation},
  volume={84},
  number={2},
  pages={207--239},
  year={1990},
  publisher={Elsevier}
}